{
  "leader": "02672cam a2200517 a 4500",
  "fields": [
    {
      "001": "ocm30480301\\"
    },
    {
      "003": "OCoLC"
    },
    {
      "005": "20211116123605.0"
    },
    {
      "008": "940929s1994\\\\\\\\maua\\\\\\\\\\b\\\\\\\\001\\0\\eng\\\\"
    },
    {
      "010": {
        "ind1": "\\",
        "ind2": "\\",
        "subfields": [
          {
            "a": "   94186079 "
          }
        ]
      }
    },
    {
      "040": {
        "ind1": "\\",
        "ind2": "\\",
        "subfields": [
          {
            "a": "NLM"
          },
          {
            "b": "eng"
          },
          {
            "c": "NLM"
          },
          {
            "d": "HMS"
          },
          {
            "d": "DLC"
          },
          {
            "d": "SMI"
          },
          {
            "d": "NYP"
          },
          {
            "d": "BTCTA"
          },
          {
            "d": "BAKER"
          },
          {
            "d": "CGC"
          },
          {
            "d": "YDXCP"
          },
          {
            "d": "CUN"
          },
          {
            "d": "GEBAY"
          },
          {
            "d": "OCLCF"
          },
          {
            "d": "DEBBG"
          },
          {
            "d": "OCLCQ"
          },
          {
            "d": "OCLCO"
          },
          {
            "d": "FC@"
          },
          {
            "d": "OCLCQ"
          },
          {
            "d": "OCLCA"
          },
          {
            "d": "NLM"
          },
          {
            "d": "OCL"
          },
          {
            "d": "OCLCO"
          },
          {
            "d": "OCLCA"
          },
          {
            "d": "CNCCA"
          }
        ]
      }
    },
    {
      "016": {
        "ind1": "7",
        "ind2": "\\",
        "subfields": [
          {
            "a": "9435818"
          },
          {
            "2": "DNLM"
          }
        ]
      }
    },
    {
      "016": {
        "ind1": "7",
        "ind2": "\\",
        "subfields": [
          {
            "a": "BA24983608"
          },
          {
            "2": "JP-ToKJK"
          }
        ]
      }
    },
    {
      "020": {
        "ind1": "\\",
        "ind2": "\\",
        "subfields": [
          {
            "a": "9780881351873"
          }
        ]
      }
    },
    {
      "020": {
        "ind1": "\\",
        "ind2": "\\",
        "subfields": [
          {
            "a": "0881351873"
          }
        ]
      }
    },
    {
      "035": {
        "ind1": "\\",
        "ind2": "\\",
        "subfields": [
          {
            "a": "(OCoLC)30480301"
          }
        ]
      }
    },
    {
      "043": {
        "ind1": "\\",
        "ind2": "\\",
        "subfields": [
          {
            "a": "n-us---"
          }
        ]
      }
    },
    {
      "050": {
        "ind1": "0",
        "ind2": "0",
        "subfields": [
          {
            "a": "Z720.B6"
          },
          {
            "b": "C48 1994"
          }
        ]
      }
    },
    {
      "060": {
        "ind1": "0",
        "ind2": "0",
        "subfields": [
          {
            "a": "WZ 100"
          },
          {
            "b": "B598c 1994"
          }
        ]
      }
    },
    {
      "082": {
        "ind1": "0",
        "ind2": "4",
        "subfields": [
          {
            "a": "020.92"
          },
          {
            "b": "CHA"
          }
        ]
      }
    },
    {
      "100": {
        "ind1": "1",
        "ind2": "\\",
        "subfields": [
          {
            "a": "Chapman, Carleton B."
          }
        ]
      }
    },
    {
      "245": {
        "ind1": "1",
        "ind2": "0",
        "subfields": [
          {
            "a": "Order out of chaos :"
          },
          {
            "b": "John Shaw Billings and America's coming of age /"
          },
          {
            "c": "Carleton B. Chapman."
          }
        ]
      }
    },
    {
      "260": {
        "ind1": "\\",
        "ind2": "\\",
        "subfields": [
          {
            "a": "Boston :"
          },
          {
            "b": "Boston Medical Library in the Francis A. Countway Library of Medicine ;"
          },
          {
            "a": "Canton, Mass., U.S.A. :"
          },
          {
            "b": "Sole distributor, Science History Publications/USA,"
          },
          {
            "c": "1994."
          }
        ]
      }
    },
    {
      "300": {
        "ind1": "\\",
        "ind2": "\\",
        "subfields": [
          {
            "a": "xvi, 420 pages :"
          },
          {
            "b": "illustrations, portraits ;"
          },
          {
            "c": "24 cm"
          }
        ]
      }
    },
    {
      "336": {
        "ind1": "\\",
        "ind2": "\\",
        "subfields": [
          {
            "a": "text"
          },
          {
            "b": "txt"
          },
          {
            "2": "rdacontent"
          }
        ]
      }
    },
    {
      "337": {
        "ind1": "\\",
        "ind2": "\\",
        "subfields": [
          {
            "a": "unmediated"
          },
          {
            "b": "n"
          },
          {
            "2": "rdamedia"
          }
        ]
      }
    },
    {
      "338": {
        "ind1": "\\",
        "ind2": "\\",
        "subfields": [
          {
            "a": "volume"
          },
          {
            "b": "nc"
          },
          {
            "2": "rdacarrier"
          }
        ]
      }
    },
    {
      "504": {
        "ind1": "\\",
        "ind2": "\\",
        "subfields": [
          {
            "a": "Includes bibliographical references (pages 345-400) and index."
          }
        ]
      }
    },
    {
      "600": {
        "ind1": "1",
        "ind2": "0",
        "subfields": [
          {
            "a": "Billings, John S."
          },
          {
            "q": "(John Shaw),"
          },
          {
            "d": "1838-1913."
          }
        ]
      }
    },
    {
      "610": {
        "ind1": "2",
        "ind2": "0",
        "subfields": [
          {
            "a": "National Library of Medicine (U.S.)"
          },
          {
            "x": "History."
          }
        ]
      }
    },
    {
      "650": {
        "ind1": "\\",
        "ind2": "0",
        "subfields": [
          {
            "a": "Medical librarians"
          },
          {
            "z": "United States"
          },
          {
            "v": "Biography."
          }
        ]
      }
    },
    {
      "600": {
        "ind1": "1",
        "ind2": "2",
        "subfields": [
          {
            "a": "Billings, John S."
          },
          {
            "q": "(John Shaw),"
          },
          {
            "d": "1838-1913."
          }
        ]
      }
    },
    {
      "650": {
        "ind1": "1",
        "ind2": "2",
        "subfields": [
          {
            "a": "Physicians."
          },
          {
            "0": "https://id.nlm.nih.gov/mesh/D010820"
          }
        ]
      }
    },
    {
      "651": {
        "ind1": "\\",
        "ind2": "2",
        "subfields": [
          {
            "a": "United States."
          },
          {
            "0": "https://id.nlm.nih.gov/mesh/D014481"
          }
        ]
      }
    },
    {
      "600": {
        "ind1": "1",
        "ind2": "7",
        "subfields": [
          {
            "a": "Billings, John S."
          },
          {
            "q": "(John Shaw),"
          },
          {
            "d": "1838-1913"
          },
          {
            "2": "fast"
          },
          {
            "0": "(OCoLC)fst00003322"
          }
        ]
      }
    },
    {
      "610": {
        "ind1": "2",
        "ind2": "7",
        "subfields": [
          {
            "a": "National Library of Medicine (U.S.)"
          },
          {
            "2": "fast"
          },
          {
            "0": "(OCoLC)fst00543216"
          }
        ]
      }
    },
    {
      "650": {
        "ind1": "\\",
        "ind2": "7",
        "subfields": [
          {
            "a": "Medical librarians."
          },
          {
            "2": "fast"
          },
          {
            "0": "(OCoLC)fst01014323"
          }
        ]
      }
    },
    {
      "651": {
        "ind1": "\\",
        "ind2": "7",
        "subfields": [
          {
            "a": "United States."
          },
          {
            "2": "fast"
          },
          {
            "0": "(OCoLC)fst01204155"
          }
        ]
      }
    },
    {
      "655": {
        "ind1": "\\",
        "ind2": "2",
        "subfields": [
          {
            "a": "Biography."
          },
          {
            "0": "https://id.nlm.nih.gov/mesh/D019215"
          }
        ]
      }
    },
    {
      "655": {
        "ind1": "\\",
        "ind2": "7",
        "subfields": [
          {
            "a": "Biographies."
          },
          {
            "2": "fast"
          },
          {
            "0": "(OCoLC)fst01919896"
          }
        ]
      }
    },
    {
      "655": {
        "ind1": "\\",
        "ind2": "7",
        "subfields": [
          {
            "a": "History."
          },
          {
            "2": "fast"
          },
          {
            "0": "(OCoLC)fst01411628"
          }
        ]
      }
    },
    {
      "776": {
        "ind1": "0",
        "ind2": "8",
        "subfields": [
          {
            "i": "Online version:"
          },
          {
            "a": "Chapman, Carleton B."
          },
          {
            "t": "Order out of chaos."
          },
          {
            "d": "Boston : Boston Medical Library in the Francis A. Countway Library of Medicine ; Canton, Mass., U.S.A. : Sole distributor, Science History Publications/USA, 1994"
          },
          {
            "w": "(OCoLC)607691627"
          }
        ]
      }
    },
    {
      "776": {
        "ind1": "0",
        "ind2": "8",
        "subfields": [
          {
            "i": "Online version:"
          },
          {
            "a": "Chapman, Carleton B."
          },
          {
            "t": "Order out of chaos."
          },
          {
            "d": "Boston : Boston Medical Library in the Francis A. Countway Library of Medicine ; Canton, Mass., U.S.A. : Sole distributor, Science History Publications/USA, 1994"
          },
          {
            "w": "(OCoLC)624291083"
          }
        ]
      }
    },
    {
      "994": {
        "ind1": "\\",
        "ind2": "\\",
        "subfields": [
          {
            "a": "Z0"
          },
          {
            "b": "NYRVC"
          }
        ]
      }
    },
    {
      "948": {
        "ind1": "\\",
        "ind2": "\\",
        "subfields": [
          {
            "h": "NO HOLDINGS IN NYRVC - 185 OTHER HOLDINGS"
          }
        ]
      }
    },
    {
      "999": {
        "ind1": "\\",
        "ind2": "\\",
        "subfields": [
          {
            "a": "00000000016638"
          }
        ]
      }
    }
  ]
}